<?xml version="1.0" encoding="UTF-8"?><collection xmlns="http://www.loc.gov/MARC21/slim"><record><leader>00355nam--2200133-i-4500</leader><controlfield tag="001">000005284</controlfield><controlfield tag="002">20161230</controlfield><controlfield tag="005">20161230201026</controlfield><controlfield tag="008">060222s1000------------r-----000-0-eng-d</controlfield><datafield ind1=" " ind2=" " tag="100"><subfield code="a">Buddery, J.H., Darwin, G.E</subfield></datafield><datafield ind1=" " ind2=" " tag="245"><subfield code="a">Beryllium</subfield></datafield><datafield ind1=" " ind2=" " tag="260"><subfield code="a">London, Butterworths Scient.Publ., 1960. Ix + 392 P</subfield></datafield><datafield ind1=" " ind2=" " tag="490"><subfield code="a">Metallurgy Of The Rarer Metals</subfield></datafield><datafield ind1=" " ind2=" " tag="852"><subfield code="a">10005</subfield></datafield></record></collection>